<?xml version="1.0" encoding="UTF-8"?><collection xmlns="http://www.loc.gov/MARC21/slim"><record><leader>00680nam--2200193-u-4500</leader><controlfield tag="001">000053518</controlfield><controlfield tag="002">20161230</controlfield><controlfield tag="005">20161230201051</controlfield><controlfield tag="008">110411s1000------------r-----000-0-eng-d</controlfield><datafield ind1=" " ind2=" " tag="020"><subfield code="a">9738157536</subfield></datafield><datafield ind1=" " ind2=" " tag="040"><subfield code="a">IFIN-HH</subfield></datafield><datafield ind1=" " ind2=" " tag="080"><subfield code="a">57</subfield></datafield><datafield ind1="1" ind2=" " tag="100"><subfield code="a">Cristea, Alexandru</subfield></datafield><datafield ind1="1" ind2="0" tag="245"><subfield code="a">Sisteme modulare ierarhizate</subfield><subfield code="b">Modele ale sistemelor biologice si sociale complexe, ierarhizate, cu algoritmi genetici, retele neuronale si automate celulare pe diverse niveluri de ierarhizare</subfield><subfield code="c">Alexandru cristea; corneliu n. zaharia</subfield></datafield><datafield ind1=" " ind2=" " tag="260"><subfield code="a">Bucuresti</subfield><subfield code="b">Editura Universal Dalsi</subfield><subfield code="c">2002</subfield></datafield><datafield ind1=" " ind2=" " tag="300"><subfield code="a">285P</subfield></datafield><datafield ind1="1" ind2=" " tag="700"><subfield code="a">Zaharia, Corneliu N</subfield></datafield><datafield ind1=" " ind2=" " tag="852"><subfield code="a">81315</subfield><subfield code="c">57</subfield></datafield><datafield ind1=" " ind2=" " tag="CAT"><subfield code="a">Sys</subfield><subfield code="c">20110411</subfield><subfield code="h">092552</subfield></datafield></record></collection>